@electronic{bibtex_howto,
author  =   {Michael Shell},
month   =   {12},
year    =   {2020},
title   =   {{How to Use the IEEEtran BIBTEX Style}},
organization    =   {Institute of Electrical and Electronics Engineers},
url     =   {ftp://tug.ctan.org/pub/tex-archive/macros/latex/contrib/IEEEtran/bibtex/IEEEtran_bst_HOWTO.pdf},
}

@electronic{circuitikz_howto,
author  =   {Massimo A. Redaelli and Stefan Lindner and Stefan Erhardt and Romano Giannetti},
month   =   {11},
year    =   {2019},
title   =   {{CircuiTikZ}},
url     =   {http://texdoc.net/texmf-dist/doc/latex/circuitikz/circuitikzmanual.pdf},
}

@electronic{tikz_howto,
author  =   {Till Tantau},
month   =   {06},
year    =   {2007},
title   =   {{TikZ and PGF}},
organization    =   {University of Luebeck},
url     =   {https://www.bu.edu/math/files/2013/08/tikzpgfmanual.pdf},
}

@INPROCEEDINGS{quitevis_ambatali,
author={C. P. {Quitevis} and C. D. {Ambatali}},
booktitle={2018 IEEE Global Humanitarian Technology Conference (GHTC)},
title={Feasibility of an Amateur Radio Transmitter Implementation Using Raspberry Pi for a Low Cost and Portable Emergency Communications Device},
year={2018},
volume={},
number={},
pages={1-6},
keywords={cellular radio;disasters;radio equipment;radio transmitters;robust communication system;cellular systems;rescue operations;cellular phones;emergency response teams;local government units;cellular service;volcano eruptions;earthquakes;natural calamities;disaster-prone country;Philippines;portable emergency communications device;handheld amateur radio;APRS message;amateur radio equipment;Automatic Packet Reporting System broadcast;RPi;Raspberry Pi;Frequency modulation;Economic indicators;Sociology;Statistics;Harmonic analysis;Tropical cyclones;disaster communication;amateur radio;automatic packet reporting system;raspberry pi},
doi={10.1109/GHTC.2018.8601888},
ISSN={2377-6919},
month={Oct},}

@techrepor{GenerationCurves,
author = {{PJM Interconnection}},
title = {Wind Generation},
url = {https://dataminer2.pjm.com/feed/wind\(_\)gen/definition},
month = {Jan},
Year = {2023},}

@techreport{loadCurves,
author = {{PJM Interconnection}},
title = {Hourly Load: Preliminary},
url = {https://dataminer2.pjm.com/feed/hrl\(_\)load\(_\)prelim/definition},
month = {Jan},
Year = {2023},}

@INPROCEEDINGS{DR,
  author={Albadi, M. H. and El-Saadany, E. F.},
  booktitle={2007 IEEE Power Engineering Society General Meeting}, 
  title={Demand Response in Electricity Markets: An Overview}, 
  year={2007},
  volume={},
  number={},
  pages={1-5},
  keywords={},
  doi={10.1109/PES.2007.385728},
  ISSN={1932-5517},
  month={June},}

@techreport{DR2,
author = {E. Noonan, E. Fitzpatrick}
title = {Will distributed energy resources (ders) change how we get our energy?},
url = {https://www.europarl.europa.eu/RegData/etudes/ATAG/2020/651944/EPRS_ATA(2020)651944_EN.pdf},
month = {July},
Year = {2020},}

  @electronic{DERincrease,
author  =   {FERC},
month   =   {February},
year    =   {2018},
title   =   {{Distributed Energy Resources Technical Considerations for the Bulk Power System}},
url     =   {https://www.enerdynamics.com/Energy-Currents_Blog/Bulk-Electric-System-PlannersOperators-Need-to-
Plan-Now-for-Distributed-Energy-Resources.aspx },
}
 
  @electronic{DSM,
author  =   {EMA},
title   =   {What is Demand-side Management?},
url     =   {https://www.ema.gov.sg/Demand_Side_Management.aspx},
}

  @electronic{Paper1Bottom-Up,
author  =   {J. Xiao, G. He, S. Fan, et al.},
year    =   {2020},
title   =   {{Decentralized transfer of contingency reserve: Framework and methodology.}},
volume={12}
issue={1}
pages={251-267}
ISSN={278:115703},
}

  @electronic{Paper2Bottom-Up,
author  =   {H. Zhou, S. Fan, Q. Wu, et al},
year    =   {2021},
title   =   {{Stimulus-response control strategy based on autonomous decentralized system theory for exploitation of flexibility by virtual power plant}},
organization={Applied Energy},
volume={285}
}
  @electronic{Paper3Bottom-Up,
author  =   {I. Joo, D. Choi},
year    =   {2017},
title   =   {{Distributed optimization framework for energy management of multiple smart homes with distributed energy resources. IEEE Access},
volume={5},
issue={15551-15560},
}

  @electronic{Magazine,
author  =   {B. Kroposki et al.},
year    =   {2020},
month={Nov.-Dec.},
title   =   {Autonomous Energy Grids: Controlling the Future Grid With Large Amounts of Distributed Energy Resources},
volume={18},
number={6},
pages={37-46},
doi={10.1109/MPE.2020.3014540},
}

@ARTICLE{CIDR,
  author={Zhong, Haiwang and Xie, Le and Xia, Qing},
  journal={IEEE Transactions on Power Systems}, 
  title={Coupon Incentive-Based Demand Response: Theory and Case Study}, 
  year={2013},
  volume={28},
  number={2},
  pages={1266-1276},
  doi={10.1109/TPWRS.2012.2218665}}

  @ARTICLE{IDR-2,
  author={Fang, Xin and Hu, Qinran and Li, Fangxing and Wang, Beibei and Li, Yang},
  journal={IEEE Transactions on Power Systems}, 
  title={Coupon-Based Demand Response Considering Wind Power Uncertainty: A Strategic Bidding Model for Load Serving Entities}, 
  year={2016},
  volume={31},
  number={2},
  pages={1025-1037},
  doi={10.1109/TPWRS.2015.2431271}}

  @ARTICLE{CBL,
  author={Mohajeryami, Saeed and Doostan, Milad and Asadinejad, Ailin and Schwarz, Peter},
  journal={IEEE Transactions on Industry Applications}, 
  title={Error Analysis of Customer Baseline Load (CBL) Calculation Methods for Residential Customers}, 
  year={2017},
  volume={53},
  number={1},
  pages={5-14},
  doi={10.1109/TIA.2016.2613985}}

@ARTICLE{CDL,
author={Shuai Fan, Zuyi Li, Lin Yang, Guangyu He},
title={Customer directrix load-based large-scale demand response for integrating renewable energy sources},
journal={Electric Power Systems Research},
volume={181},
year={2020},
doi={doi.org/10.1016/j.epsr.2019.106175}}

@ARTICLE{DR2,
author={Peter Cappers, Charles Goldman, David Kathan},
title={Demand response in U.S. electricity markets: Empirical evidence},
journal={Energy},
volume={35},
issue={4},
year={2010},
pages={1526-1535},
doi={doi.org/10.1016/j.energy.2009.06.029}